<record xmlns="http://www.loc.gov/MARC21/slim" xmlns:xsi="http://www.w3.org/2001/XMLSchema-instance" xsi:schemaLocation="http://www.loc.gov/MARC21/slim http://www.loc.gov/standards/marcxml/schema/MARC21slim.xsd"><leader>     nam a22        4500</leader><controlfield tag="001">4906263</controlfield><controlfield tag="003">NNC</controlfield><controlfield tag="006">m        d        </controlfield><controlfield tag="007">cr cn |||m|||a</controlfield><controlfield tag="008">150316s1910    xx      o     000 0 ara d</controlfield><datafield ind1=" " ind2=" " tag="040"><subfield code="a">NNU</subfield><subfield code="b">eng</subfield><subfield code="c">NNU</subfield></datafield><datafield ind1="1" ind2=" " tag="100"><subfield code="6">880-01</subfield><subfield code="a">H&#803;usaini&#772;, Muh&#803;ammad Rid&#803;a&#772; al-Sha&#772;h &#699;Abd al-&#699;Azi&#772;mi&#772;.</subfield></datafield><datafield ind1="1" ind2="3" tag="245"><subfield code="6">880-02</subfield><subfield code="a">al-Lu&#700;lu&#700; al-murattab fi&#772;&#772; akhba&#772;r al-Bara&#772;mikah wa a&#772;l al-Muhallab</subfield><subfield code="h">[electronic resource].</subfield></datafield><datafield ind1=" " ind2=" " tag="260"><subfield code="a">[N.p.]</subfield><subfield code="c">1328 A.H. [1910]</subfield></datafield><datafield ind1=" " ind2=" " tag="300"><subfield code="a">online resource (188 p.)</subfield></datafield><datafield ind1=" " ind2=" " tag="500"><subfield code="a">Part of the Arabic Collections Online (ACO) project, contributed by Columbia University Libraries.</subfield></datafield><datafield ind1=" " ind2=" " tag="533"><subfield code="a">Electronic reproduction.</subfield><subfield code="b">New York, N.Y. :</subfield><subfield code="c">New York University,</subfield><subfield code="d">2015.</subfield><subfield code="5">NNU</subfield></datafield><datafield ind1=" " ind2="0" tag="650"><subfield code="a">Barmecides.</subfield></datafield><datafield ind1=" " ind2="0" tag="650"><subfield code="a">Muhallabites.</subfield></datafield><datafield ind1="2" ind2=" " tag="710"><subfield code="a">Columbia University.</subfield><subfield code="b">Libraries.</subfield></datafield><datafield ind1="0" ind2=" " tag="730"><subfield code="a">Arabic Collections Online.</subfield></datafield><datafield ind1="0" ind2="8" tag="776"><subfield code="i">Print version:</subfield><subfield code="a">H&#803;usaini&#772;, Muh&#803;ammad Rid&#803;a&#772; al-Sha&#772;h &#699;Abd al-&#699;Azi&#772;mi&#772;.</subfield><subfield code="t">al-Lu&#700;lu&#700; al-murattab fi&#772;&#772; akhba&#772;r al-Bara&#772;mikah wa a&#772;l al-Muhallab</subfield><subfield code="w">(NNC)4906263</subfield><subfield code="w">(OCoLC)56844030</subfield></datafield><datafield ind1="4" ind2="0" tag="856"><subfield code="u">http://hdl.handle.net/2333.1/pg4f4t37</subfield></datafield><datafield ind1="1" ind2=" " tag="880"><subfield code="6">100-01/r</subfield><subfield code="a">&#1581;&#1587;&#1606;&#1610;&#1548; &#1605;&#1581;&#1605;&#1583; &#1585;&#1590;&#1575; &#1575;&#1604;&#1588;&#1575;&#1607; &#1593;&#1576;&#1583; &#1575;&#1604;&#1593;&#1586;&#1610;&#1605;&#1610;.</subfield></datafield><datafield ind1="1" ind2="2" tag="880"><subfield code="6">245-02/r</subfield><subfield code="a">&#1575;&#1604;&#1604;&#1572;&#1604;&#1572; &#1575;&#1604;&#1605;&#1585;&#1578;&#1576; &#1601;&#1610; &#1575;&#1582;&#1576;&#1575;&#1585; &#1575;&#1604;&#1576;&#1585;&#1575;&#1605;&#1603;&#1577; &#1608; &#1570;&#1604; &#1575;&#1604;&#1605;&#1607;&#1604;&#1576;.</subfield></datafield><datafield ind1=" " ind2=" " tag="959"><subfield code="a">NNU</subfield><subfield code="b">WEB</subfield><subfield code="c">GENI</subfield><subfield code="t">0</subfield><subfield code="m">Electronic access</subfield><subfield code="s">01</subfield></datafield><datafield ind1=" " ind2=" " tag="999"><subfield code="i">NNC_4906263</subfield><subfield code="o">(OCoLC)ocm56844030</subfield><subfield code="e">(ERROR-880)</subfield><subfield code="s">columbia_aco000399</subfield></datafield></record>